@article{ADH2013-sn,
  author  = {Autor, David H. and Dorn, David and Hanson, Gordon H.},
  doi     = {10.1257/aer.103.6.2121},
  journal = {American Economic Review},
  month   = {October},
  number  = {6},
  pages   = {2121-68},
  title   = {The China Syndrome: Local Labor Market Effects of Import Competition in the United States},
  url     = {https://www.aeaweb.org/articles?id=10.1257/aer.103.6.2121},
  volume  = {103},
  year    = {2013}
}

@article{Alessandriaetal2021-sn,
  author   = {George Alessandria and Horag Choi and Kim J. Ruhl},
  doi      = {10.1016/j.jinteco.2021.103458},
  issn     = {0022-1996},
  journal  = {Journal of International Economics},
  keywords = {Welfare, Firm dynamics, Trade elasticity},
  pages    = {103458},
  title    = {Trade adjustment dynamics and the welfare gains from trade},
  url      = {https://www.sciencedirect.com/science/article/pii/S0022199621000350},
  volume   = {131},
  year     = {2021}
}

@article{AlvarezLucas2007-sn,
  author   = {Fernando Alvarez and Robert E. Lucas,},
  doi      = {10.1016/j.jmoneco.2006.07.006},
  issn     = {0304-3932},
  journal  = {Journal of Monetary Economics},
  keywords = {General equilibrium, Ricardian trade theory, Trade volume, Tariff policy},
  number   = {6},
  pages    = {1726-1768},
  title    = {General equilibrium analysis of the Eaton–Kortum model of international trade},
  url      = {https://www.sciencedirect.com/science/article/pii/S0304393206002169},
  volume   = {54},
  year     = {2007}
}


@article{Amitietal2019-sn,
  author  = {Amiti, Mary and Redding, Stephen J. and Weinstein, David E.},
  doi     = {10.1257/jep.33.4.187},
  journal = {Journal of Economic Perspectives},
  month   = {November},
  number  = {4},
  pages   = {187-210},
  title   = {The Impact of the 2018 Tariffs on Prices and Welfare},
  url     = {https://www.aeaweb.org/articles?id=10.1257/jep.33.4.187},
  volume  = {33},
  year    = {2019}
}


@article{Antràsetal2017-sn,
  author  = {Antràs, Pol and Fort, Teresa C. and Tintelnot, Felix},
  doi     = {10.1257/aer.20141685},
  journal = {American Economic Review},
  month   = {September},
  number  = {9},
  pages   = {2514-64},
  title   = {The Margins of Global Sourcing: Theory and Evidence from US Firms},
  url     = {https://www.aeaweb.org/articles?id=10.1257/aer.20141685},
  volume  = {107},
  year    = {2017}
}

@article{Bergstrand1985-sn,
  author    = {Jeffrey H. Bergstrand},
  issn      = {00346535, 15309142},
  journal   = {The Review of Economics and Statistics},
  number    = {3},
  pages     = {474--481},
  publisher = {The MIT Press},
  title     = {The Gravity Equation in International Trade: Some Microeconomic Foundations and Empirical Evidence},
  url       = {http://www.jstor.org/stable/1925976},
  volume    = {67},
  year      = {1985}
}

@article{Bernardetal2004-sn,
  author  = {Bernard, Andrew B. and Jensen, J. Bradford},
  doi     = {https://doi.org/10.1111/j.1467-9396.2004.00473.x},
  journal = {Review of International Economics},
  number  = {4},
  pages   = {662-675},
  title   = {Entry, Expansion, and Intensity in the US Export Boom, 1987–1992},
  url     = {https://onlinelibrary.wiley.com/doi/abs/10.1111/j.1467-9396.2004.00473.x},
  volume  = {12},
  year    = {2004}
}

@techreport{Bernardetal2006-sn,
  author      = {Bernard, Andrew B and Jensen, J. Bradford and Schott, Peter K},
  doi         = {10.3386/w12493},
  institution = {National Bureau of Economic Research},
  month       = {August},
  number      = {12493},
  series      = {Working Paper Series},
  title       = {Transfer Pricing by U.S.-Based Multinational Firms},
  type        = {Working Paper},
  url         = {http://www.nber.org/papers/w12493},
  year        = {2006}
}

@article{Blackwell1965-sn,
  author    = {Blackwell, David},
  journal   = {The Annals of Mathematical Statistics},
  number    = {1},
  pages     = {226--235},
  publisher = {Institute of Mathematical Statistics},
  title     = {{Discounted Dynamic Programming}},
  url       = {http://www.jstor.org/stable/2238089},
  volume    = {36},
  year      = {1965}
}

@article{Borusyaketal2022-sn,
  author   = {Kirill Borusyak and Peter Hull and Xavier Jaravel},
  doi      = {10.1093/restud/rdab030},
  journal  = {Review of Economic Studies},
  keywords = {Shift-share instruments; Bartik instruments; Quasi-experiments; Instrumental variables},
  month    = {},
  number   = {1},
  pages    = {181-213},
  title    = {Quasi-Experimental Shift-Share Research Designs},
  url      = {https://ideas.repec.org/a/oup/restud/v89y2022i1p181-213..html},
  volume   = {89},
  year     = 2022
}

@article{Caliendoetal2019-sn,
  author   = {Caliendo, Lorenzo and Dvorkin, Maximiliano and Parro, Fernando},
  doi      = {10.3982/ECTA13758},
  journal  = {Econometrica},
  keywords = {Labor market dynamics, international trade, migration, internal trade, economic geography, mobility frictions, trade costs, input-output linkages, China's trade, welfare effects, general equilibrium, manufacturing employment},
  number   = {3},
  pages    = {741-835},
  title    = {Trade and Labor Market Dynamics: General Equilibrium Analysis of the China Trade Shock},
  url      = {https://onlinelibrary.wiley.com/doi/abs/10.3982/ECTA13758},
  volume   = {87},
  year     = {2019}
}

@incollection{CaliendoParro2019-sn,
  author    = {Lorenzo Caliendo and Fernando Parro},
  booktitle = {Handbook of International Economics: International Trade, Volume 5},
  doi       = {10.1016/bs.hesint.2022.02.004},
  editor    = {Gita Gopinath and Elhanan Helpman and Kenneth Rogoff},
  issn      = {1573-4404},
  keywords  = {Commercial policy, Supply chains, Intermediate goods, Input-output, Labor market dynamics, Spatial economics, Optimal tariff, Shift-share, Trade war},
  pages     = {219-295},
  publisher = {Elsevier},
  series    = {Handbook of International Economics},
  title     = {Trade Policy},
  url       = {https://www.sciencedirect.com/science/article/pii/S1573440422000041},
  volume    = {5},
  year      = {2022}
}

@techreport{Cox2023-sn,
  author = {Cox, Lydia},
  month  = {February},
  series = {Working Paper Series},
  title  = {The Long-Term Impact of Steel Tariffs on U.S. Manufacturing},
  type   = {Working Paper},
  year   = {2023}
}


@article{Diamond1982-sn,
  author    = {Diamond, Peter A.},
  journal   = {Journal of Political Economy},
  number    = {5},
  pages     = {881--894},
  publisher = {University of Chicago Press},
  title     = {{Aggregate Demand Management in Search Equilibrium}},
  url       = {http://www.jstor.org/stable/1837124},
  volume    = {90},
  year      = {1982}
}

@article{EatonGersovitz1981-sn,
  author    = {Jonathan Eaton and Mark Gersovitz},
  issn      = {00346527, 1467937X},
  journal   = {The Review of Economic Studies},
  number    = {2},
  pages     = {289--309},
  publisher = {[Oxford University Press, Review of Economic Studies, Ltd.]},
  title     = {Debt with Potential Repudiation: Theoretical and Empirical Analysis},
  url       = {http://www.jstor.org/stable/2296886},
  volume    = {48},
  year      = {1981}
}

@article{EK2002-sn,
  author    = {Jonathan Eaton and Samuel Kortum},
  issn      = {00129682, 14680262},
  journal   = {Econometrica},
  number    = {5},
  pages     = {1741--1779},
  publisher = {[Wiley, Econometric Society]},
  title     = {Technology, Geography, and Trade},
  url       = {http://www.jstor.org/stable/3082019},
  urldate   = {2024-02-21},
  volume    = {70},
  year      = {2002}
}

@article{Engel2011-sn,
  author   = {Charles Engel and Jian Wang},
  doi      = {10.1016/j.jinteco.2010.08.007},
  issn     = {0022-1996},
  journal  = {Journal of International Economics},
  keywords = {Durable goods, International real business cycles, Elasticity puzzle, Backus–Smith puzzle},
  number   = {1},
  pages    = {37-52},
  title    = {International trade in durable goods: Understanding volatility, cyclicality, and elasticities},
  url      = {https://www.sciencedirect.com/science/article/pii/S0022199610000875},
  volume   = {83},
  year     = {2011}
}

@article{Fischeretal1996-sn,
  author  = {Fischer, Stanley and Sahay, Ratna and Vegh, Carlos A.},
  doi     = {10.1257/jep.10.2.45},
  journal = {Journal of Economic Perspectives},
  number  = {2},
  pages   = {45-66},
  title   = {Stabilization and Growth in Transition Economies: The Early Experience},
  url     = {https://www.aeaweb.org/articles?id=10.1257/jep.10.2.45},
  volume  = {10},
  year    = {1996}
}

@article{FudenbergTirole1991-sn,
  author    = {Fudenberg, Drew and Tirole, Jean},
  journal   = {MIT Press Books, The MIT Press},
  publisher = {Wiley},
  title     = {{Game Theory}},
  volume    = 1,
  year      = 1991
}

@incollection{Gibbons-sn,
  author    = {Robert Gibbons},
  isbn      = {9780745011592},
  publisher = {Pearson},
  title     = {A Primer in Game Theory},
  year      = {2005}
}

@article{GrinblattandKeloharju2001-sn,
  author  = {Grinblatt, Mark and Keloharju, Matti},
  doi     = {10.1111/0022-1082.00338},
  journal = {The Journal of Finance},
  number  = {2},
  pages   = {589-616},
  title   = {What Makes Investors Trade?},
  url     = {https://onlinelibrary.wiley.com/doi/abs/10.1111/0022-1082.00338},
  volume  = {56},
  year    = {2001}
}

@incollection{Hansen-econometrics-sn,
  author    = {Bruce E. Hansen},
  isbn      = {9780691235899},
  publisher = {Princeton University Press},
  title     = {Econometrics},
  url       = {https://users.ssc.wisc.edu/~bhansen/econometrics/},
  year      = {2022}
}

@article{Harsanyi1968-sn,
  author    = {Harsanyi, John C.},
  journal   = {Management Science},
  number    = {7},
  pages     = {486--502},
  publisher = {INFORMS},
  title     = {{Games with Incomplete Information Played by 'Bayesian' Players, I-III. Part III. The Basic Probability Distribution of the Game}},
  url       = {http://www.jstor.org/stable/2628894},
  volume    = {14},
  year      = {1968}
}

@article{HeadMayer2015-sn,
  author    = {Keith Head and Thierry Mayer},
  booktitle = {Handbook of International Economics},
  doi       = {https://doi.org/10.1016/B978-0-444-54314-1.00003-3},
  editor    = {Gita Gopinath and Elhanan Helpman and Kenneth Rogoff},
  issn      = {1573-4404},
  pages     = {131-195},
  publisher = {Elsevier},
  series    = {Handbook of International Economics},
  title     = {{Chapter 3 - Gravity Equations: Workhorse, Toolkit, and Cookbook.}},
  url       = {https://www.sciencedirect.com/science/article/pii/B9780444543141000033},
  volume    = {4},
  year      = {2014}
}

@article{Huggett1993-sn,
  title   = {The risk-free rate in heterogeneous-agent incomplete-insurance economies},
  journal = {Journal of Economic Dynamics and Control},
  volume  = {17},
  number  = {5},
  pages   = {953-969},
  year    = {1993},
  issn    = {0165-1889},
  doi     = {10.1016/0165-1889(93)90024-M},
  url     = {https://www.sciencedirect.com/science/article/pii/016518899390024M},
  author  = {Mark Huggett}
}

@incollection{JehleReny-sn,
  author    = {Geoffrey A. Jehle and Philip J. Reny},
  isbn      = {9780273731917},
  publisher = {Addison-Wesley},
  title     = {Advanced Microeconomic Theory},
  year      = {2010}
}

@incollection{KerryBack-sn,
  author    = {Kerry E. Back},
  isbn      = {9780190241148},
  publisher = {Oxford University Press},
  title     = {Asset Pricing and Portfolio Choice Theory},
  year      = {2017}
}

@article{Kovak2013-sn,
  author  = {Kovak, Brian K.},
  doi     = {10.1257/aer.103.5.1960},
  journal = {American Economic Review},
  month   = {August},
  number  = {5},
  pages   = {1960-76},
  title   = {Regional Effects of Trade Reform: What Is the Correct Measure of Liberalization?},
  url     = {https://www.aeaweb.org/articles?id=10.1257/aer.103.5.1960},
  volume  = {103},
  year    = {2013}
}


@incollection{Krishna-Auction-sn,
  author    = {Vijay Krishna},
  doi       = {10.1016/C2009-0-22474-3},
  isbn      = {9780123745071},
  publisher = {Academic Press},
  title     = {Auction Theory},
  year      = {2010}
}


@incollection{Macro-sn,
  author    = {Lars Ljungqvist and Thomas Sargent},
  edition   = {1},
  isbn      = {9780262038669},
  publisher = {MIT Press},
  title     = {Recursive Macroeconomic Theory},
  year      = {2018}
}

@article{MehraPrescott1985-sn,
  author  = {Rajnish Mehra and Edward C. Prescott},
  doi     = {10.1016/0304-3932(85)90061-3},
  issn    = {0304-3932},
  journal = {Journal of Monetary Economics},
  number  = {2},
  pages   = {145-161},
  title   = {The equity premium: A puzzle},
  volume  = {15},
  year    = {1985}
}

@article{MilgromRobert1990-sn,
  author    = {Milgrom, P., and Roberts, J.},
  edition   = 58,
  journal   = {Econometrica},
  pages     = {1255–-1277},
  publisher = {Wiley},
  title     = {{Rationalizability, Learning, and Equilibrium in Games with Strategic Complementarities}},
  url       = {https://doi.org/10.2307/2938316},
  volume    = 6,
  year      = 1990
}

@incollection{MWG-sn,
  author    = {Mas-Colell, Andreu and Whinston, Michael D. and Green, Jerry R.},
  isbn      = {9780195073409},
  publisher = {Oxford University Press},
  title     = {Microeconomic Theory},
  year      = {1995}
}

@incollection{NEWEY1994-sn,
  author    = {Whitney K. Newey and Daniel McFadden},
  doi       = {10.1016/S1573-4412(05)80005-4},
  issn      = {1573-4412},
  pages     = {2111-2245},
  publisher = {Elsevier},
  series    = {Handbook of Econometrics},
  title     = {Chapter 36 Large sample estimation and hypothesis testing},
  volume    = {4},
  year      = {1994}
}

@article{ProudmanRedding2000-sn,
  author  = {Proudman, James and Redding, Stephen},
  doi     = {https://doi.org/10.1111/1467-9396.00229},
  journal = {Review of International Economics},
  number  = {3},
  pages   = {373-396},
  title   = {Evolving Patterns of International Trade},
  url     = {https://onlinelibrary.wiley.com/doi/abs/10.1111/1467-9396.00229},
  volume  = {8},
  year    = {2000}
}

@article{Ramondoetal2016-sn,
  author   = {Natalia Ramondo and Veronica Rappoport and Kim J. Ruhl},
  doi      = {10.1016/j.jinteco.2015.08.002},
  issn     = {0022-1996},
  journal  = {Journal of International Economics},
  keywords = {Foreign affiliate, Parent firm, Foreign direct investment},
  pages    = {51-59},
  title    = {Intrafirm trade and vertical fragmentation in U.S. multinational corporations},
  url      = {https://www.sciencedirect.com/science/article/pii/S0022199615001257},
  volume   = {98},
  year     = {2016}
}

@article{Rubinstein1982-sn,
  author    = {Rubinstein, Ariel},
  journal   = {Econometrica},
  number    = {1},
  pages     = {97--109},
  publisher = {[Wiley, Econometric Society]},
  title     = {{Perfect Equilibrium in a Bargaining Model}},
  url       = {http://www.jstor.org/stable/1912531},
  volume    = {50},
  year      = {1982}
}

@article{Schoellman2016-sn,
  author  = {Schoellman, Todd},
  doi     = {10.1257/mac.20150117},
  journal = {American Economic Journal: Macroeconomics},
  month   = {July},
  number  = {3},
  pages   = {145-74},
  title   = {Early Childhood Human Capital and Development},
  url     = {https://www.aeaweb.org/articles?id=10.1257/mac.20150117},
  volume  = {8},
  year    = {2016}
}


@article{Vives1990-sn,
  author  = {Vives, Xavier},
  journal = {Journal of Mathematical Economics},
  number  = {3},
  pages   = {305-321},
  title   = {{Nash Equilibrium with Strategic Complementarities}},
  url     = {https://EconPapers.repec.org/RePEc:eee:mateco:v:19:y:1990:i:3:p:305-321},
  volume  = {19},
  year    = {1990}
}